<?xml version="1.0" encoding="UTF-8"?><collection xmlns="http://www.loc.gov/MARC21/slim"><record><leader>00418nam--2200169-u-4500</leader><controlfield tag="001">000051367</controlfield><controlfield tag="002">20161230</controlfield><controlfield tag="005">20161230201049</controlfield><controlfield tag="008">080707s1000------------r-----000-0-eng-d</controlfield><datafield ind1=" " ind2=" " tag="040"><subfield code="a">IFIN-HH</subfield></datafield><datafield ind1=" " ind2=" " tag="080"><subfield code="a">514.763.74</subfield></datafield><datafield ind1="1" ind2=" " tag="100"><subfield code="a">Ambartsumyan,R.V</subfield></datafield><datafield ind1="1" ind2="0" tag="245"><subfield code="a">Kombinatornye Printsipy v Stokhasticheskoi Geometrii</subfield></datafield><datafield ind1=" " ind2=" " tag="260"><subfield code="a">Erevan</subfield><subfield code="c">1980</subfield></datafield><datafield ind1=" " ind2=" " tag="300"><subfield code="a">173 p</subfield></datafield><datafield ind1=" " ind2=" " tag="852"><subfield code="a">49281</subfield><subfield code="c">517</subfield></datafield><datafield ind1=" " ind2=" " tag="CAT"><subfield code="a">Sys</subfield><subfield code="c">20080707</subfield><subfield code="h">102515</subfield></datafield></record></collection>